@book{mitchell1997machine,
	title={Machine Learning},
	author={Mitchell, Tom M.},
	year={1997},
	publisher={McGraw-Hill}
}

@book{murphy2012machine,
	title={Machine Learning: A Probabilistic Perspective},
	author={Murphy, Kevin P.},
	year={2012},
	publisher={MIT Press}
}

@book{shalev2014understanding,
	title={Understanding Machine Learning: From Theory to Algorithms},
	author={Shalev-Shwartz, Shai and Ben-David, Shai},
	year={2014},
	publisher={Cambridge University Press}
}

@article{bzdok2018statistics,
	title={Statistics versus machine learning},
	author={Bzdok, Danilo and Altman, Naomi and Krzywinski, Martin},
	journal={Nature Methods},
	volume={15},
	number={4},
	pages={233--234},
	year={2018},
	publisher={Nature Publishing Group}
}

@book{pearl2009causal,
	title={Causal Inference in Statistics: A Primer},
	author={Pearl, Judea},
	year={2009},
	publisher={Wiley}
}